@book{lima2013,
    author    = {Lima, Elon L.},
    edition   = {1},
    title     = {{Números e Funções Reais}},
    year      = {2013},
    publisher = {SBM},
    place     = {Rio de Janeiro},
    keywords  = {
        conjuntos,
        principio-da-inducao-finita,
        funcoes
    }
},

@book{lima-e-morgado2006,
    author    = {Lima, Elon L. and Carvalho, Paulo César P. and Wagner, Eduardo and Morgado, Augusto C.},
    edition   = {9},
    title     = {{A Matemática do Ensino Médio. Vol. 1}},
    year      = {2006},
    publisher = {SBM},
    place     = {Rio de Janeiro},
    keywords  = {
        conjuntos,
        conjuntos-numericos,
        funcoes-exponenciais-e-logaritmicas,
        funcoes-polinomiais
    }
},

@book{lima-e-morgado2006,
    author    = {Lima, Elon L. and Carvalho, Paulo César P. and Wagner, Eduardo and Morgado, Augusto C.},
    edition   = {9},
    title     = {{A Matemática do Ensino Médio. Vol. 1}},
    year      = {2006},
    publisher = {SBM},
    place     = {Rio de Janeiro},
    keywords  = {
        conjuntos,
        conjuntos-numericos,
        funcoes-exponenciais-e-logaritmicas,
        funcoes-polinomiais
    }
},

@book{lima-e-morgado2004,
    author    = {Lima, Elon L. and Carvalho, Paulo César P. and Wagner, Eduardo and Morgado, Augusto C.},
    edition   = {5},
    title     = {{A Matemática do Ensino Médio. Vol. 2}},
    year      = {2004},
    publisher = {SBM},
    place     = {Rio de Janeiro},
    keywords  = {
        progressoes
    }
},

@book{oliveira2010,
    author    = {Oliveira, Krerley I. M. and Fernandez, Adan J. C.},
    edition   = {2},
    title     = {{Iniciação em Matemática: um Curso com Problemas e Soluções}},
    date      = {2010},
    publisher = {SBM},
    place     = {Rio de Janeiro},
    keywords  = {
        conjuntos,
        equacoes-e-inequacoes,
        principio-da-inducao-finita
    }
},

@book{valeria2009,
    author    = {Medeiros, Valéria Z. and Caldeira, André M. and Silva, Luiza M. O. and Machado, Maria A. S.},
    edition   = {2},
    title     = {{Em Pré-Cálculo}},
    year      = {2009},
    publisher = {Cengage Learning},
    place     = {Rio de Janeiro},
    keywords  = {
        conjuntos-numericos
    }
},

@book{oliveira2006,
    author    = {Oliveira, Krerley I. M. and Fernandez, Adan J. C.},
    title     = {{Estágio dos Alunos Bolsistas - OBMEP 2005 - 4. Equações, Inequações e Desigualdades}},
    date      = {2006},
    publisher = {SBM},
    place     = {Rio de Janeiro},
    keywords  = {
        equacoes-e-inequacoes,
        principio-da-inducao-finita
    }
},

@book{iezzi-vol1,
    author    = {Iezzi, Gelson},
    title     = {{Fundamentos de Matemática Elementar. Vol. 1 --- Conjuntos e Funções}},
    publisher = {Editora Atual},
    place     = {São Paulo},
    keywords  = {
        funcoes,
        funcoes-polinomiais,
        funcoes-reais-e-graficos
    }
},

@book{iezzi-vol2,
    author    = {Iezzi, Gelson},
    title     = {{Fundamentos de Matemática Elementar. Vol. 2 --- Logaritmos}},
    publisher = {Editora Atual},
    place     = {São Paulo},
    keywords  = {
        funcoes-exponenciais-e-logaritmicas
    }
},

@book{carmo2005,
    author    = {Carmo, Manfredo P. and Morgado, Augusto C. and Wagner, Eduardo},
    title     = {{Trigonometria --- Números Complexos}},
    place     = {Rio de Janeiro},
    edition   = {3},
    publisher = {SBM},
    year      = {2005},
    keywords  = {
        funcoes-trigonometricas
    }
}
