@book{10:carmo,
    author = "Carmo, Manfredo P. and Morgado, Augusto C. and Wagner, Eduardo",
    ttle = "Trigonometria --- NÃºmeros Complexos",
    place = "Rio de Janeiro",
    edition = "3",
    publisher = "SBM",
    year = "2005"
}