@book{8:lima,
    author = "Lima, Elon L. and Carvalho, Paulo César P. and Wagner, Eduardo and Morgado, Augusto C.",
    edition = "9",
    title = "A Matemática do Ensino Médio. Vol. 1",
    year = "2006",
    publisher = "SBM",
    place = "Rio de Janeiro"
},

@book{8:iezzi,
    author = "Iezzi, Gelson",
    title = "Fundamentos de Matemática Elementar. Vol. 1 --- Conjuntos e Funções",
    publisher = "Editora Atual",
    place = "São Paulo"
}