@book{9:lima,
    author = "Lima, Elon L. and Carvalho, Paulo César P. and Wagner, Eduardo and Morgado, Augusto C.",
    edition = "9",
    publisher = "SBM",
    place = "Rio de Janeiro",
    year = "2006",
    title = "A Matemática do Ensino Médio. Vol. 1"
},

@book{9:iezzi,
    author = "Iezzi, Gelson",
    publisher = "Editora Atual",
    place = "São Paulo",
    title = "Fundamentos de Matemática Elementar. Vol. 2 --- Logaritmos"
}
