@book{5:iezzi,
    author = "Iezzi, Gelson",
    title = "Fundamentos de Matemática Elementar. Vol. 1 - Conjuntos e Funções",
    publisher = "Editora Atual",
    place = "São Paulo"
}

@book{5:elon,
    author    = "Lima, Elon L.",
    edition   = "1",
    title     = "Números e Funções Reais",
    year      = "2013",
    publisher = "SBM",
    place = "Rio de Janeiro"
}