@book{latexcompanion,
    author    = "Elon Lages Lima",
    edition = "1",
    title     = "Números e Funções Reais",
    year      = "2013",
    publisher = "SBM"
}