@book{4:oliveira-1,
    author = "Oliveira, Krerley I. M. and Fernandez, Adán J. C.",
    edition = "2",
    title = "Iniciação em Matemática: um Curso com Problemas e Soluções",
    year = "2010",
    publisher = "SBM",
    place = "Rio de Janeiro"
},

@book{4:oliveira-2,
    author = "Oliveira, Krerley I. M. and Fernandez, Adán J. C.",
    title = "Estágio dos Alunos Bolsistas - OBMEP 2005 - 4. Equações, Inequações e Desigualdades",
    year = "2006",
    publisher = "SBM",
    place = "Rio de Janeiro"
},

@book{4:lima,
    author = "Lima, Elon L.",
    title = "Números e Funções Reais",
    edition = 1,
    year = "2013",
    publisher = "SBM",
    place = "Rio de Janeiro"
}