@book{3:oliveira-1,
    author = "Oliveira, Krerley I. M. and Fernandez, Adán J. C.",
    edition = "2",
    title = "Iniciação em Matemática: um Curso com Problemas e Soluções",
    year = "2010",
    publisher = "SBM",
    place = "Rio de Janeiro"
},

@book{3:oliveira-2,
    author = "OLIVEIRA, Krerley I. M. and Fernandez, Adán J. C.",
    title = "Estágio dos Alunos Bolsistas - OBMEP 2005 - 4. Equações, Inequações e Desigualdades",
    year = "2006",
    publisher = "SBM",
    place = "Rio de Janeiro"
}