@book{5:elon-e-morgado,
    author = "Lima, Elon L. and Carvalho, Paulo César P. and Wagner, Eduardo and Morgado, Augusto C.",
    edition = "5",
    title = "A Matemática do Ensino Médio. Vol. 2",
    year = "2004",
    publisher = "SBM",
    place = "Rio de Janeiro"
}