@book{2:valeria,
    author = "MEDEIROS, Valéria Z. and CALDEIRA, André M. and SILVA, Luiza M. O. and MACHADO, Maria A. S.",
    edition = "2",
    title = "Em Pré-Cálculo",
    year = "2009",
    publisher = "Cengage Learning",
    place = "Rio de Janeiro"
}

@book{2:elon-e-morgado,
    author = "Lima, Elon L. and Carvalho, Paulo César P. and Wagner, Eduardo and Morgado, Augusto C.",
    edition = "9",
    title = "A Matemática do Ensino Médio. Vol. 1",
    year = "2006",
    publisher = "SBM",
    place = "Rio de Janeiro"
}